@article{Pinho-Almeida2015,
  author =	 {Pinho-Almeida, M. and Perpiñán, O. and
                  Narvarte, L},
  doi =		 {10.1016/j.solener.2015.03.006},
  issn =	 {0038092X},
  journal =	 {Solar Energy},
  pages =	 {354--368},
  title =	 {{PV Power Forecast Using a Nonparametric PV Model}},
  url =
                  {oscarperpinan.github.io/papers/Pinho.Perpinan.ea2014.pdf},
  volume =	 115,
  year =	 2015
}

@article{Perpinan.Almeida2015,
  author =	 {Perpiñán, O. and Almeida, M. P.},
  doi =		 {10.5281/zenodo.13882},
  title =	 {{meteoForecast: Numerical Weather Predictions}},
  url =		 {https://github.com/oscarperpinan/meteoForecast},
  year =	 {2015}
}

@BOOK{Cleveland1994,
  AUTHOR    = {Cleveland, W. S.},
  LOCATION  = {Murray Hill, NJ.},
  OWNER     = {oscar},
  PUBLISHER = {AT\&T, Bell Laboratories},
  REFID     = {Cleveland1994},
  TIMESTAMP = {13.03.2010},
  TITLE     = {The Elements of Graphing Data},
  YEAR      = {1994},
}

@BOOK{Cleveland1993,
  AUTHOR    = {Cleveland, W. S.},
  LOCATION  = {Summit, NJ},
  OWNER     = {oscar},
  PUBLISHER = {Hobart Press},
  REFID     = {Cleveland1993},
  TIMESTAMP = {13.03.2010},
  TITLE     = {Visualizing Data},
  YEAR      = {1993},
}

@article{Cleveland.McGill1984,
  author =	 {Cleveland, W. S. and McGill, R.},
  issn =	 {01621459},
  journal =	 {Journal of the American Statistical Association},
  number =	 {387},
  pages =	 {pp. 531--554},
  publisher =	 {American Statistical Association},
  title =	 {{Graphical Perception: Theory, Experimentation, and
                  Application to the Development of Graphical
                  Methods}},
  url =		 {http://www.jstor.org/stable/2288400},
  volume =	 {79},
  year =	 {1984}
}

@BOOK{Tufte1990,
  AUTHOR =	 {Tufte, E. R.},
  LOCATION =	 {Cheshire, CT.},
  OWNER =	 {oscar},
  PUBLISHER =	 {Graphic Press},
  REFID =	 {Tufte1990},
  TIMESTAMP =	 {13.03.2010},
  TITLE =	 {Envisioning information},
  YEAR =	 {1990},
}

@BOOK{Tufte2001,
  AUTHOR    = {Tufte, E. R.},
  LOCATION  = {Cheshire, CT.},
  OWNER     = {oscar},
  PUBLISHER = {Graphic Press},
  REFID     = {Tufte2001},
  TIMESTAMP = {13.03.2010},
  TITLE     = {The Visual Display of Quantitative Information},
  YEAR      = {2001},
}

@BOOK{Cairo2012,
  AUTHOR               = {Cairo, A.},
  CITEULIKE-ARTICLE-ID = {12248656},
  KEYWORDS             = {visualization},
  POSTED-AT            = {2013-04-07 15:50:00},
  PRIORITY             = {0},
  PUBLISHER            = {New Riders Publishing, Aarhus, Denmark.},
  TITLE                = {{The Functional Art: An Introduction to Information Graphics and Visualization}},
  YEAR                 = {2012},
}

@BOOK{Ware2008,
  AUTHOR =	 {C. Ware},
  ISBN =	 {9780123708960},
  LOCATION =	 {Burlington, MA.},
  PUBLISHER =	 {Morgan Kaufmann Pub},
  TITLE =	 {Visual Thinking for Design},
  YEAR =	 {2008},
}

@BOOK{Murrell2011,
  AUTHOR    = {P. Murrell},
  EDITION   = {2nd},
  LOCATION  = {Boca Raton, FL.},
  OWNER     = {oscar},
  PAGES     = {546},
  PUBLISHER = {Chapman \& Hall/CRC},
  SERIES    = {The R Series},
  TIMESTAMP = {2013.05.24},
  TITLE     = {R Graphics},
  YEAR      = {2011},
}

@BOOK{Sarkar2010,
  AUTHOR    = {Sarkar, D.},
  LOCATION  = {New York},
  NOTE      = {ISBN 978-0-387-75968-5},
  PUBLISHER = {Springer},
  TITLE     = {Lattice: Multivariate Data Visualization with R},
  URL       = {http://lmdvr.r-forge.r-project.org},
  YEAR      = {2008},
}

@BOOK{Wickham2016,
  AUTHOR    = {H. Wickham},
  PUBLISHER = {Springer},
  TITLE     = {ggplot2: Elegant Graphics for Data Analysis},
  URL       = {https://github.com/hadley/ggplot2-book/},
  YEAR      = {2016},
}

@BOOK{Chambers2008,
  AUTHOR    = {J. M. Chambers},
  NOTE      = {ISBN 978-0-387-75935-7},
  PUBLISHER = {Springer, New York.},
  TITLE     = {Software for Data Analysis: Programming with R},
  URL       = {http://stat.stanford.edu/~jmc4/Rbook/},
  YEAR      = {2008},
}

@book{Chatfield2016,
  title={The Analysis of Time Series: An Introduction},
  author={Chatfield, C.},
  isbn={9780203491683},
  series={Chapman \& Hall/CRC Texts in Statistical Science},
  year={2016},
  publisher={CRC Press}
}

@BOOK{Cressie.Wikle2015,
  title =	 {Statistics for Spatio-Temporal Data},
  author =	 {Cressie, N. and Wikle, C.K.},
  isbn =	 9781119243045,
  PUBLISHER =	 {Wiley, New York.},
  SERIES =	 {Wiley Series in Probability and Statistics},
  YEAR =	 2015,
}

@BOOK{Slocum.McMaster.ea2005,
  AUTHOR    = {T. A. Slocum},
  ISBN      = {9780130351234},
  LOCATION  = {Englewood Cliffs, NJ.},
  PUBLISHER = {Prentice Hall},
  TITLE     = {Thematic Cartography and Geographic Visualization},
  YEAR      = {2005},
}

@BOOK{Bivand.Pebesma.ea2013,
  AUTHOR    = {R. Bivand and E. J. Pebesma and V. Gomez-Rubio},
  PUBLISHER = {Springer, New York},
  TITLE     = {Applied Spatial Data Analysis with {R}},
  URL       = {http://www.asdar-book.org/},
  YEAR      = {2013},
}

@MANUAL{Sarkar.Andrews2016,
  AUTHOR = {D. Sarkar and F. Andrews},
  NOTE   = {R package version 0.6-28},
  TITLE  = {\texttt{latticeExtra}: Extra Graphical Utilities Based on \texttt{lattice}},
  URL    = {http://CRAN.R-project.org/package=latticeExtra},
  YEAR   = {2016},
}

@BOOK{Wilkinson2005,
  AUTHOR    = {Wilkinson, L.},
  PUBLISHER = {Springer},
  TITLE     = {The Grammar of Graphics},
  YEAR      = {2005},
}

@ARTICLE{Zeileis.Grothendieck2005,
  AUTHOR       = {Zeileis, A. and Grothendieck, G.},
  JOURNALTITLE = {Journal of Statistical Software},
  NUMBER       = {6},
  PAGES        = {1--27},
  TITLE        = {zoo: S3 Infrastructure for Regular and Irregular Time Series},
  URL          = {http://www.jstatsoft.org/v14/i06/},
  VOLUME       = {14},
  YEAR         = {2005},
}

@ARTICLE{Pebesma2012,
  AUTHOR       = {E. Pebesma},
  ISSN         = {1548-7660},
  JOURNALTITLE = {Journal of Statistical Software},
  NUMBER       = {7},
  PAGES        = {1--30},
  TITLE        = {\texttt{spacetime}: Spatio-Temporal Data in {R}},
  URL          = {http://www.jstatsoft.org/v51/i07},
  VOLUME       = {51},
  YEAR         = {2012},
}

@MANUAL{Hijmans2017,
  title =	 {\texttt{raster}: Geographic Data Analysis and
                  Modeling},
  author =	 {R. J. Hijmans},
  year =	 2017,
  note =	 {R package version 2.6-7},
  url =		 {https://CRAN.R-project.org/package=raster}
}

@MANUAL{Perpinan.Hijmans2017,
  TITLE =	 {\texttt{rasterVis}: Visualization Methods for the
                  \texttt{raster} Package},
  year =	 2017,
  url =		 {http://oscarperpinan.github.io/rastervis/},
  note =	 {R package version 0.43},
  AUTHOR =	 {Perpiñán, O. and Hijmans, R.},
}

@MANUAL{Murrell.Potter2017,
  AUTHOR = {P. Murrell and S. Potter},
  NOTE   = {R package version 1.6-0},
  TITLE  = {gridSVG: Export grid graphics as SVG},
  URL    = {http://CRAN.R-project.org/package=gridSVG},
  YEAR   = {2017},
}

@ARTICLE{Schulte.Davison.ea2012,
  AUTHOR       = {E. Schulte and D. Davison and T. Dye and C. Dominik},
  ISSN         = {1548-7660},
  JOURNALTITLE = {Journal of Statistical Software},
  NUMBER       = {3},
  PAGES        = {1--24},
  TITLE        = {A Multi-Language Computing Environment for Literate Programming and Reproducible Research},
  URL          = {http://www.jstatsoft.org/v46/i03},
  VOLUME       = {46},
  YEAR         = {2012},
}

@MANUAL{R2017,
  AUTHOR       = {{R Development Core Team}},
  LOCATION     = {Vienna, Austria},
  ORGANIZATION = {R Foundation for Statistical Computing},
  TITLE        = {R: A Language and Environment for Statistical Computing},
  URL          = {http://www.R-project.org},
  YEAR         = {2017},
}

@ARTICLE{Rossini.Heiberger.ea2004,
  AUTHOR       = {Rossini, A. J. and Heiberger, R. M. and Sparapani, R. A. and Mächler, M. and Hornik, K.},
  DOI          = {10.1198/1061860042985},
  EPRINT       = {http://www.tandfonline.com/doi/pdf/10.1198/1061860042985},
  JOURNALTITLE = {Journal of Computational and Graphical Statistics},
  NUMBER       = {1},
  PAGES        = {247-261},
  TITLE        = {Emacs Speaks Statistics: A Multiplatform, Multipackage Development Environment for Statistical Analysis},
  URL          = {http://ess.r-project.org/},
  VOLUME       = {13},
  YEAR         = {2004},
}

@ARTICLE{Perpinan2012b,
  AUTHOR       = {O. Perpiñán},
  JOURNALTITLE = {Journal of Statistical Software},
  KEYWORDS     = {solar},
  NUMBER       = {9},
  PAGES        = {1--32},
  TITLE        = {{solaR}: Solar Radiation and Photovoltaic Systems with {R}},
  URL          = {http://www.jstatsoft.org/v50/i09/},
  VOLUME       = {50},
  YEAR         = {2012},
}

@BOOK{Kropotkin1906,
  AUTHOR    = {P. Kropotkin},
  PUBLISHER = {G. P. Putnam's Sons},
  TITLE     = {The Conquest of Bread},
  URL       = {http://en.wikisource.org/wiki/The_Conquest_of_Bread},
  YEAR      = {1906},
}

@BOOK{Mumford1934,
  AUTHOR =	 {Mumford, L.},
  LOCATION =	 {San Diego, CA.},
  PUBLISHER =	 {Harcourt, Brace \& Company, Inc.},
  TITLE =	 {Technics and Civilization},
  YEAR =	 1934,
}

@ARTICLE{Ripley.Hornik2001,
  AUTHOR       = {B. D. Ripley and K. Hornik},
  JOURNALTITLE = {R News},
  NUMBER       = {2},
  PAGES        = {8--11},
  TITLE        = {Date-Time Classes},
  URL          = {http://CRAN.R-project.org/doc/Rnews/Rnews_2001-2.pdf},
  VOLUME       = {1},
  YEAR         = {2001},
}

@ARTICLE{Grothendieck.Petzoldt2004,
  AUTHOR       = {G. Grothendieck and T. Petzoldt},
  JOURNALTITLE = {R News},
  NUMBER       = {1},
  PAGES        = {29--32},
  TITLE        = {{R} {H}elp {D}esk: {Date} and Time Classes in {R}},
  URL          = {http://CRAN.R-project.org/doc/Rnews/Rnews_2004-1.pdf},
  VOLUME       = {4},
  YEAR         = {2004},
}

@MANUAL{Ryan.Ulrich2013,
  AUTHOR = {J. A. Ryan and J. M. Ulrich},
  NOTE   = {R package version 0.9-5},
  TITLE  = {xts: eXtensible Time Series},
  URL    = {http://CRAN.R-project.org/package=xts},
  YEAR   = {2013},
}

@BOOK{Wills2011,
  AUTHOR    = {Wills, G.},
  ISBN      = {9780387779065},
  LOCATION  = {New York},
  PUBLISHER = {Springer},
  SERIES    = {Statistics and Computing},
  TITLE     = {Visualizing Time: Designing Graphical Representations for Statistical Data},
  YEAR      = {2011},
}

@ARTICLE{Heer.Bostock.ea2010,
  ACMID        = {1743567},
  AUTHOR       = {Heer, J. and Bostock, M. and Ogievetsky, V.},
  DOI          = {10.1145/1743546.1743567},
  ISSN         = {0001-0782},
  ISSUE_date   = {June 2010},
  JOURNALTITLE = {Communications of the ACM},
  LOCATION     = {New York, NY, USA},
  NUMBER       = {6},
  NUMPAGES     = {9},
  PAGES        = {59--67},
  PUBLISHER    = {ACM},
  TITLE        = {A tour through the visualization zoo},
  URL          = {http://doi.acm.org/10.1145/1743546.1743567},
  VOLUME       = {53},
  YEAR         = {2010},
}

@ARTICLE{Heer.Agrawala2006,
  AUTHOR       = {Heer, J. and Agrawala, M.},
  DOI          = {10.1109/TVCG.2006.163},
  ISSN         = {1077-2626},
  JOURNALTITLE = {IEEE Transactions on Visualization and Computer Graphics},
  KEYWORDS     = {visualization},
  NUMBER       = {5},
  PAGES        = {701 -708},
  TITLE        = {Multi-Scale Banking to 45 Degrees},
  URL          = {http://vis.berkeley.edu/papers/banking/2006-Banking-InfoVis.pdf},
  USERNAME     = {procomun},
  VOLUME       = {12},
  YEAR         = {2006},
}

@REPORT{Few2008,
  AUTHOR      = {Few, S.},
  INSTITUTION = {Perceptual Edge, Berkeley, CA.},
  OWNER       = {oscar},
  TIMESTAMP   = {01.07.2010},
  TITLE       = {Time on the Horizon},
  TYPE        = {techreport},
  URL         = {http://www.perceptualedge.com/articles/visual_business_intelligence/time_on_the_horizon.pdf},
  YEAR        = {2008},
}

@INPROCEEDINGS{Heer.Kong.ea2009,
  AUTHOR    = {Heer, J. and Kong, N. and Agrawala, M.},
  BOOKTITLE = {ACM Human Factors in Computing Systems (CHI)},
  FILE      = {Heer.Kong.ea2009.pdf:Heer.Kong.ea2009.pdf:PDF},
  OWNER     = {oscar},
  PAGES     = {1303--1312},
  TIMESTAMP = {01.07.2010},
  TITLE     = {Sizing the Horizon: The Effects of Chart Size and Layering on the Graphical Perception of Time Series Visualizations},
  URL       = {http://vis.berkeley.edu/papers/horizon/2009-TimeSeries-CHI.pdf},
  YEAR      = {2009},
}

@REPORT{Byron.Wattenberg2008,
  AUTHOR    = {L. Byron and M. Wattenberg},
  FILE      = {Byron.Wattenberg2008.pdf:Byron.Wattenberg2008.pdf:PDF},
  GROUPS    = {public},
  INTRAHASH = {9ae0c7619824b0be491f6dcc0486af1e},
  KEYWORDS  = {visualization},
  TIMESTAMP = {2012.06.08},
  TITLE     = {Stacked Graphs – Geometry \& Aesthetics},
  TYPE      = {techreport},
  URL       = {http://www.leebyron.com/else/streamgraph/download.php?file=stackedgraphs_byron_wattenberg.pdf},
  USERNAME  = {procomun},
  YEAR      = {2008},
}

@ARTICLE{Havre.Hetzler.ea2002,
  AUTHOR =	 {Havre, S. and Hetzler, E. and Whitney, P. and
                  Nowell, L.},
  DOI =		 {10.1109/2945.981848},
  FILE =
                  {Havre.Hetzler.ea2002.pdf:Havre.Hetzler.ea2002.pdf:PDF},
  ISSN =	 {1077-2626},
  JOURNAL =	 {IEEE Transactions on Visualization and Computer
                  Graphics},
  NUMBER =	 1,
  PAGES =	 {9 -20},
  TITLE =	 {{ThemeRiver}: Visualizing Thematic Changes in Large
                  Document Collections},
  VOLUME =	 8,
  YEAR =	 2002,
}

@ARTICLE{Friendly.Denis2005,
  AUTHOR =	 {Friendly, M. and Denis, D.},
  DOI =		 {10.1002/jhbs.20078},
  ISSN =	 {1520-6696},
  JOURNAL =	 {Journal of the History of the Behavioral Sciences},
  NUMBER =	 2,
  PAGES =	 {103--130},
  PUBLISHER =	 {Wiley Subscription Services, Inc., A Wiley Company},
  TITLE =	 {The early origins and development of the
                  scatterplot},
  VOLUME =	 41,
  YEAR =	 2005,
}

@ARTICLE{Carr.Littlefield.ea1987,
  AUTHOR =	 {Carr, D. B. and Littlefield, R. J. and Nicholson,
                  W. L. and Littlefield, J. S.},
  FILE =
                  {Carr.Littlefield.ea1987.pdf:Carr.Littlefield.ea1987.pdf:PDF},
  ISSN =	 01621459,
  JOURNAL =	 {Journal of the American Statistical Association},
  LANGUAGE =	 {English},
  NUMBER =	 398,
  PAGES =	 {424-436},
  PUBLISHER =	 {American Statistical Association},
  TITLE =	 {Scatterplot Matrix Techniques for Large N},
  URL =		 {http://www.jstor.org/stable/2289444},
  VOLUME =	 82,
  YEAR =	 1987,
}

@INCOLLECTION{Harrower.Fabrikant2008,
  AUTHOR =	 {M. Harrower and S. I. Fabrikant},
  BOOKTITLE =	 {Geographic Visualization: Concepts, Tools and
                  Applications},
  EDITOR =	 {Dodge, M. and McDerby, M. and Turner M.},
  LOCATION =	 {Chichester, UK},
  PAGES =	 {49--65},
  PUBLISHER =	 {Wiley},
  TITLE =	 {The Role of Map Animation in Geographic
                  Visualization},
  URL =		 {http://www.zora.uzh.ch/8979/},
  USERNAME =	 {procomun},
  YEAR =	 2008,
}

@REPORT{Few2007,
  AUTHOR =	 {Few, S.},
  INSTITUTION =	 {Perceptual Edge, Berkeley, CA.},
  TIMESTAMP =	 {22.07.2012},
  TITLE =	 {Visualizing Change: An Innovation in Time-Series
                  Analysis},
  TYPE =	 {techreport},
  URL =
                  {http://www.perceptualedge.com/articles/visual_business_intelligence/visualizing_change.pdf},
  YEAR =	 {2007},
}

@MANUAL{Carr.Lewin-Koh.ea2018,
  title =	 {hexbin: Hexagonal Binning Routines},
  author =	 {D. Carr and N. Lewin-Koh and M. Maechler},
  year =	 2018,
  note =	 {R package version 1.27.2},
  url =		 {https://CRAN.R-project.org/package=hexbin},
}


@ARTICLE{Gesmann.deCastillo2011,
  AUTHOR =	 {M. Gesmann and D. de Castillo},
  JOURNAL =	 {The R Journal},
  NUMBER =	 2,
  PAGES =	 {40--44},
  TITLE =	 {googleVis: Interface between {R} and the {Google}
                  Visualisation {API}},
  URL =
                  {http://journal.r-project.org/archive/2011-2/RJournal_2011-2_Gesmann+de~Castillo.pdf},
  VOLUME =	 3,
  YEAR =	 2011,
}

@MANUAL{Neuwirth2014,
  AUTHOR = {E. Neuwirth},
  NOTE   = {R package version 1.1-2},
  TITLE  = {RColorBrewer: ColorBrewer Palettes},
  URL    = {http://CRAN.R-project.org/package=RColorBrewer},
  YEAR   = {2014},
}

@MANUAL{Hocking2017,
  title =	 {directlabels: Direct Labels for Multicolor Plots},
  author =	 {T. D. Hocking},
  year =	 2017,
  note =	 {R package version 2017.03.31},
  URL =		 {http://CRAN.R-project.org/package=directlabels},
}

@MANUAL{Bivand2017,
  AUTHOR =	 {R. Bivand},
  year =	 2017,
  note =	 {R package version 0.1-24},
  TITLE =	 {classInt: Choose Univariate Class Intervals},
  URL =		 {http://CRAN.R-project.org/package=classInt},
}

@MISC{SIAR2011,
  AUTHOR       = {{MARM}},
  HOWPUBLISHED = {\url{http:///www.marm.es/siar/Informacion.asp}},
  TITLE        = {Sistema de Información Agroclimática del Regadío},
  YEAR         = {2011},
}

@ARTICLE{Antonanzas-Torres.Canizares.ea2013,
  AUTHOR       = {F. Antonanzas-Torres and F. Cañizares and O. Perpiñán},
  DOI          = {10.1016/j.rser.2012.12.033},
  FILE         = {Antonanzas-Torres.Canizares.ea2013.pdf:Antonanzas-Torres.Canizares.ea2013.pdf:PDF},
  ISSN         = {1364-0321},
  JOURNAL = {Renewable and Sustainable Energy Reviews},
  KEYWORDS     = {Solar PV energy},
  NUMBER       = {0},
  PAGES        = {248 - 261},
  TITLE        = {Comparative assessment of global irradiation from a satellite estimate model (CM SAF) and on-ground measurements (SIAR): A Spanish case study},
  URL          = {https://github.com/oscarperpinan/CMSAF-SIAR},
  VOLUME       = {21},
  YEAR         = {2013},
}

@ARTICLE{Pebesma.Bivand2005,
  AUTHOR =	 {E. J. Pebesma and R. Bivand},
  JOURNAL =	 {R News},
  NUMBER =	 2,
  PAGES =	 {9--13},
  TITLE =	 {Classes and methods for spatial data in {R}},
  URL =		 {http://CRAN.R-project.org/doc/Rnews/},
  VOLUME =	 5,
  YEAR =	 2005,
}

@INPROCEEDINGS{Wegenkittl.Groeller1997,
  AUTHOR       = {Wegenkittl, R. and Gröller, E.},
  BOOKTITLE    = {Proceedings of the 8th Conference on Visualization'97},
  ORGANIZATION = {IEEE Computer Society Press},
  PAGES        = {309--316},
  TITLE        = {Fast Oriented Line Integral Convolution for Vector Field Visualization via the {Internet}},
  URL          = {http://christl.cg.tuwien.ac.at/research/vis/dynsys/frolic/frolic_crc.pdf},
  YEAR         = {1997},
}

@MANUAL{Bivand.Lewin-Koh2017,
  AUTHOR =	 {R. Bivand and N. Lewin-Koh},
  year =	 2017,
  note =	 {R package version 0.9-2},
  TITLE =	 {maptools: Tools for Reading and Handling Spatial
                  Objects},
  URL =		 {http://CRAN.R-project.org/package=maptools},
}

@MANUAL{Bivand.Keitt.ea2017,
  AUTHOR = {R. Bivand and T. Keitt and B. Rowlingson},
    year = 2017,
    note = {R package version 1.2-16},
  TITLE  = {rgdal: Bindings for the Geospatial Data Abstraction Library},
  URL    = {http://CRAN.R-project.org/package=rgdal},
}

@ARTICLE{Pebesma2004,
  AUTHOR       = {E. J. Pebesma},
  JOURNAL = {Computers and Geosciences},
  PAGES        = {683-691},
  TITLE        = {Multivariable Geostatistics in {S}: The \texttt{gstat} Package},
  VOLUME       = {30},
  YEAR         = {2004},
}

@MANUAL{Becker.Wilks.ea2017,
  author =	 {R. A. Becker and A. R. Wilks and R.
                  Brownrigg and T. P. Minka and A. Deckmyn},
  year =	 2017,
  note =	 {R package version 3.2.0},
  TITLE =	 {maps: Draw Geographical Maps},
  URL =		 {http://CRAN.R-project.org/package=maps},
}

@MANUAL{Becker.Wilks.ea2017b,
  AUTHOR = {R. A. Becker and A. R. Wilks and R. Brownrigg},
  NOTE   = {R package version 2.2-6},
  TITLE  = {mapdata: Extra Map Databases},
  URL    = {http://CRAN.R-project.org/package=mapdata},
  YEAR   = {2017},
}

@MANUAL{McIlroy.Brownrigg.ea2017,
  AUTHOR = {D. McIlroy and R. Brownrigg and T. P. Minka and R. Bivand},
  NOTE   = {R package version 1.2-5},
  TITLE  = {mapproj: Map Projections},
  URL    = {http://CRAN.R-project.org/package=mapproj},
  YEAR   = {2017},
}

@BOOK{Dent.Torguson.ea2008,
  AUTHOR    = {Dent, B. and Torguson, J. and Hodler, T.},
  ISBN      = {9780072943825},
  PUBLISHER = {McGraw-Hill Education, New York.},
  TITLE     = {Cartography: Thematic Map Design},
  YEAR      = {2008},
}

@BOOK{Hengl2009,
  AUTHOR    = {Hengl, T.},
  OWNER     = {oscar},
  PUBLISHER = {University of Amsterdam, Amsterdam},
  TITLE     = {A Practical Guide to Geostatistical Mapping},
  URL       = {http://spatial-analyst.net/book/},
  YEAR      = {2009},
}

@ARTICLE{Meihoefer1969,
  AUTHOR       = {H. J. Meihoefer},
  DOI          = {10.3138/J04Q-1K34-26X1-7244},
  ISSUE        = {2},
  JOURNAL = {Cartographica: The International Journal for Geographic Information and Geovisualization},
  PAGES        = {104--117},
  TITLE        = {The Utility of the Circle as an Effective Cartographic Symbol},
  VOLUME       = {6},
  YEAR         = {1969},
}

@Article{Kahle.Wickham2013,
    author = {D. Kahle and H. Wickham},
    title = {ggmap: Spatial Visualization with ggplot2},
    journal = {The R Journal},
    year = 2013,
    volume = 5,
    number = 1,
    pages = {144--161},
    url = {http://journal.r-project.org/archive/2013-1/kahle-wickham.pdf},
  }

@MANUAL{Fellows.Stotz2013,
  AUTHOR = {I. Fellows and J.P. Stotz},
  NOTE   = {R package version 0.3.1},
  TITLE  = {{OpenStreetMap}: Access to Open Street Map Raster Images},
  URL    = {http://CRAN.R-project.org/package=OpenStreetMap},
  YEAR   = {2013},
}

@ARTICLE{Zeileis.Hornik.ea2009,
  AUTHOR       = {A. Zeileis and K. Hornik and P. Murrell},
  DOI          = {10.1016/j.csda.2008.11.033},
  FILE         = {Zeileis.Hornik.ea2007.pdf:Zeileis.Hornik.ea2007.pdf:PDF},
  JOURNAL = {Computational Statistics \& Data Analysis},
  PAGES        = {3259--3270},
  TITLE        = {Escaping {RGB}land: Selecting Colors for Statistical Graphics},
  URL          = {http://epub.wu.ac.at/1692/},
  VOLUME       = {53},
  YEAR         = {2009},
}

@MANUAL{Ihaka.Murrell.ea2016,
  AUTHOR = {R. Ihaka and P. Murrell and K. Hornik and A. Zeileis},
  NOTE   = {R package version 1.3-2},
  TITLE  = {{colorspace}: Color Space Manipulation},
  URL    = {http://CRAN.R-project.org/package=colorspace},
  YEAR   = {2016},
}

@MISC{CMSAF,
  AUTHOR       = {{CM~SAF}},
  HOWPUBLISHED = {\url{http://www.cmsaf.eu}},
  TITLE        = {The Satellite Application Facility on Climate Monitoring},
  YEAR         = 2013,
}

@ARTICLE{Posselt.Mueller.ea2012,
  AUTHOR =	 {R. Posselt and R.W. Mueller and R. Stöckli and
                  J. Trentmann},
  DOI =		 {10.1016/j.rse.2011.11.016},
  ISSN =	 {0034-4257},
  JOURNAL =	 {Remote Sensing of Environment},
  KEYWORDS =	 {irradiance},
  NUMBER =	 {0},
  PAGES =	 {186 - 198},
  TITLE =	 {Remote sensing of solar surface radiation for
                  climate monitoring — the {CM~SAF} retrieval in
                  international comparison},
  USERNAME =	 {procomun},
  VOLUME =	 {118},
  YEAR =	 {2012},
}

@ARTICLE{Schulz.Albert.ea2009,
  AUTHOR       = {Schulz, J. and Albert, P. and Behr, H.-D. and Caprion, D. and Deneke, H. and Dewitte, S. and Dürr, B. and Fuchs, P. and Gratzki, A. and Hechler, P. and Hollmann, R. and Johnston, S. and Karlsson, K.-G. and Manninen, T. and Müller, R. and Reuter, M. and Riihelä, A. and Roebeling, R. and Selbach, N. and Tetzlaff, A. and Thomas, W. and Werscheck, M. and Wolters, E. and Zelenka, A.},
  DOI          = {10.5194/acp-9-1687-2009},
  JOURNAL = {Atmospheric Chemistry and Physics},
  PAGES        = {1687-1709},
  TIMESTAMP    = {2012.04.27},
  TITLE        = {Operational Climate Monitoring from Space: The {EUMETSAT} Satellite Application Facility on Climate Monitoring},
  URL          = {http://www.atmos-chem-phys.net/9/1687/2009/acp-9-1687-2009.pdf},
  VOLUME       = {9},
  YEAR         = {2009},
}

@MISC{Posselt.Muller.ea2011,
  AUTHOR      = {Posselt, R. and Müller, R. and Stöckli, R. and Trentmann, J.},
  DOI         = {10.5676/EUM_SAF_CM/RAD_MVIRI/V001},
  INSTITUTION = {Satellite Application Facility on Climate Monitoring},
  TITLE       = {{CM~SAF} Surface Radiation {MVIRI} Data Set 1.0 - Monthly Means / Daily Means / Hourly Means},
  URL         = {http://dx.doi.org/10.5676/EUM_SAF_CM/RAD_MVIRI/V001},
  YEAR        = {2011},
}

@ARTICLE{Hovmoeller1949a,
  AUTHOR       = {Hovmöller, E.},
  DOI          = {10.1111/j.2153-3490.1949.tb01260.x},
  FILE         = {Hovmoeller1949.pdf:Hovmoeller1949.pdf:PDF},
  ISSN         = {2153-3490},
  JOURNAL = {Tellus},
  NUMBER       = {2},
  PAGES        = {62--66},
  PUBLISHER    = {Blackwell Publishing Ltd},
  TITLE        = {The Trough-and-Ridge diagram},
  VOLUME       = {1},
  YEAR         = {1949},
}

@ARTICLE{Xie2013,
  ACCEPTED =	 {2012-07-02},
  AUTHOR =	 {Y. Xie},
  BIBDATE =	 {2012-07-02},
  CODEN =	 {JSSOBK},
  DAY =		 21,
  ISSN =	 {1548-7660},
  JOURNAL =	 {Journal of Statistical Software},
  NUMBER =	 1,
  PAGES =	 {1--27},
  SUBMITTED =	 {2011-02-12},
  TITLE =	 {\texttt{animation}: An {R} Package for Creating
                  Animations and Demonstrating Statistical Methods},
  URL =		 {http://www.jstatsoft.org/v53/i01},
  VOLUME =	 53,
  YEAR =	 2013,
}

@Manual{Pebesma2018,
  title =	 {sf: Simple Features for R},
  author =	 {E. Pebesma},
  year =	 {2018},
  note =	 {R package version 0.6-0},
  url =		 {https://CRAN.R-project.org/package=sf},
}

@Manual{Vaidyanathan2017,
  title =	 {htmlwidgets: HTML Widgets for R},
  author =	 {R. Vaidyanathan and Y. Xie and JJ Allaire
                  and J. Cheng and K. Russell},
  year =	 {2017},
  note =	 {R package version 0.9},
  url =		 {https://CRAN.R-project.org/package=htmlwidgets},
}

@article{Lucchesi.Wikle2017,
  author =	 {L. R. Lucchesi and C. K. Wikle},
  title =	 {Visualizing uncertainty in areal data with bivariate
                  choropleth maps, map pixelation and glyph rotation},
  journal =	 {Stat},
  volume =	 6,
  number =	 1,
  year =	 2017,
  pages =	 {292-302},
  doi =		 {10.1002/sta4.150}
}

